
@article{Wahr04,
author = {John Wahr and Sean Swenson and Victor Zlotnicki and Isabella Velicogna},
title = {{Time-variable gravity from GRACE: First results}},
journal = {Geophysical Research Letters},
volume = {31},
number = {11},
pages = {},
url = {https://agupubs.onlinelibrary.wiley.com/doi/abs/10.1029/2004GL019779},
abstract = {Eleven monthly GRACE gravity field solutions are now available for analyses. We show those fields can be used to recover monthly changes in water storage, both on land and in the ocean, to accuracies of 1.5 cm of water thickness when smoothed over 1000 km. The amplitude of the annually varying signal can be determined to 1.0 cm. Results are 30\% better for a 1500 km smoothing radius, and 40\% worse for a 750 km radius. We estimate the annually varying component of water storage for three large drainage basins (the Mississippi, the Amazon, and a region draining into the Bay of Bengal), to accuracies of 1.0–1.5 cm.}
}



@inproceedings{Bingham10,
  title={{Using GOCE to estimate the mean North Atlantic circulation}},
  author={Bingham, R. J. and Knudsen, P. and Andersen, O. B. and Pail, R.},
  booktitle={AGU Fall Meeting Abstracts},
  url = {http://abstractsearch.agu.org/meetings/2010/FM/G33B-08.html},
  year={2010}
}



@article{Bell98,
author = {Bell, Robin E. and Hansen, R. O.},
title = {The rise and fall of early oil field technology; the torsion balance gradiometer},
journal = {The Leading Edge},
volume = {17},
number = {1},
pages = {81},
year = {1998},
doi = {},
URL = {http://dx.doi.org/}
}



@article{Leeuwen00,
author = {van Leeuwen, Edwin H.},
title = {{BHP develops airborne gravity gradiometer for mineral exploration}},
journal = {The Leading Edge},
volume = {19},
number = {12},
pages = {1296},
year = {2000},
doi = {10.1190/1.1438526},
URL = {http://dx.doi.org/10.1190/1.1438526}
}


@inproceedings{Diorio03,
  title={{Examples of the application of airborne gravity gradiometry to natural resource exploration}},
  author={Diorio, P. and Mahanta, A. and Rose, M. and Lockhart, G.},
  booktitle={Geophysical Research Abstracts},
  volume={5},
  pages={03996},
  year={2003}
}


@article{Romaides01,
  title={A comparison of gravimetric techniques for measuring subsurface void signals},
  author={Romaides, Anestis J. and Battis, James C. and Sands, Roger W. and Zorn, Alan and Benson Jr., Donald O. and DiFrancesco, Daniel J.},
  journal={Journal of Physics D: Applied Physics},
  volume={34},
  number={3},
  pages={433},
  year={2001},
  url = {http://iopscience.iop.org/article/10.1088/0022-3727/34/3/331/meta},
  publisher={IOP Publishing}
}


@article{Peters01,
  author={A. Peters and K. Y. Chung and S. Chu},
  title={High-precision gravity measurements using atom interferometry},
  journal={Metrologia},
  volume={38},
  number={1},
  pages={25},
  url={http://stacks.iop.org/0026-1394/38/i=1/a=4},
  year={2001},
  abstract={We have built an atom interferometer that can measure g , the local acceleration due to gravity, with a resolution of Δ g / g = 2 × 10 −8 after a single 1.3 s measurement cycle, 3 × 10 −9 after 1 min and 1 × 10 −10 after two days of integration time. The difference between our value for g and one obtained by a falling corner-cube optical interferometer is (7 ± 7) × 10 −9 g . The atom interferometer uses velocity-selective stimulated Raman transitions and laser-cooled caesium atoms in an atomic fountain. We extend previous methods of analysing the interferometer to include the effects of a gravitational gradient. We also present detailed experimental and theoretical studies of potential systematic errors and noise sources.}
}



@article{Luther82,
  title = {Redetermination of the Newtonian Gravitational Constant $G$},
  author = {Luther, Gabriel G. and Towler, William R.},
  journal = {Phys. Rev. Lett.},
  volume = {48},
  issue = {3},
  pages = {121--123},
  numpages = {0},
  year = {1982},
  month = {Jan},
  publisher = {American Physical Society},
  doi = {10.1103/PhysRevLett.48.121},
  url = {https://link.aps.org/doi/10.1103/PhysRevLett.48.121}
}



@article{Kuroda95,
  title = {Does the Time-of-Swing Method Give a Correct Value of the Newtonian Gravitational Constant?},
  author = {Kuroda, Kazuaki},
  journal = {Phys. Rev. Lett.},
  volume = {75},
  issue = {15},
  pages = {2796--2798},
  numpages = {0},
  year = {1995},
  month = {Oct},
  publisher = {American Physical Society},
  doi = {10.1103/PhysRevLett.75.2796},
  url = {https://link.aps.org/doi/10.1103/PhysRevLett.75.2796}
}


@article{Karagioz96,
  title= {{Measurement of the gravitational constant with a torsion balance}},
  author={Karagioz, O. V. },
  journal={Meas. Tech.},
  volume={39},
  pages={979},
  url = {https://link.springer.com/article/10.1007/BF02377461},
  year={1996}
}



@article{Bagley97,
  title = {{Preliminary Results of a Determination of the Newtonian Constant of Gravitation: A Test of the Kuroda Hypothesis}},
  author = {Bagley, Charles H. and Luther, Gabriel G.},
  journal = {Phys. Rev. Lett.},
  volume = {78},
  issue = {16},
  pages = {3047--3050},
  numpages = {0},
  year = {1997},
  month = {Apr},
  publisher = {American Physical Society},
  doi = {10.1103/PhysRevLett.78.3047},
  url = {https://link.aps.org/doi/10.1103/PhysRevLett.78.3047}
}


@article{Gundlach00,
  title = {{Measurement of Newton's constant using a torsion balance with angular acceleration feedback}},
  author = {Gundlach, Jens H. and Merkowitz, Stephen M.},
  journal = {Phys. Rev. Lett.},
  volume = {85},
  issue = {14},
  pages = {2869--2872},
  numpages = {0},
  year = {2000},
  month = {Oct},
  publisher = {American Physical Society},
  doi = {10.1103/PhysRevLett.85.2869},
  url = {https://link.aps.org/doi/10.1103/PhysRevLett.85.2869}
}


@article{Quinn01,
  title = {A New Determination of $\mathit{G}$ Using Two Methods},
  author = {Quinn, T. J. and Speake, C. C. and Richman, S. J. and Davis, R. S. and Picard, A.},
  journal = {Phys. Rev. Lett.},
  volume = {87},
  issue = {11},
  pages = {111101},
  numpages = {4},
  year = {2001},
  month = {Aug},
  publisher = {American Physical Society},
  doi = {10.1103/PhysRevLett.87.111101},
  url = {https://link.aps.org/doi/10.1103/PhysRevLett.87.111101}
}


@article{Armstrong03,
  title = {New Measurements of $G$ Using the Measurement Standards Laboratory Torsion Balance},
  author = {Armstrong, T. R. and Fitzgerald, M. P.},
  journal = {Phys. Rev. Lett.},
  volume = {91},
  issue = {20},
  pages = {201101},
  numpages = {4},
  year = {2003},
  month = {Nov},
  publisher = {American Physical Society},
  doi = {10.1103/PhysRevLett.91.201101},
  url = {https://link.aps.org/doi/10.1103/PhysRevLett.91.201101}
}


@article{Kleinevoss99,
  author={U. Kleinevo\ss and H. Meyer and A. Schumacher and S. Hartmann},
  title={{Absolute measurement of the Newtonian force and a determination of G}},
  journal={Measurement Science and Technology},
  volume={10},
  number={6},
  pages={492},
  url={http://stacks.iop.org/0957-0233/10/i=6/a=313},
  year={1999},
  abstract={We present the status and preliminary results of the Wuppertal gravitational experiment which is based on a microwave resonator. The gravitational force of two test masses acting on the resonator is measured as a function of distance. From new data taken recently we determine the gravitational constant G and test Newton's inverse square law in a distance range between 0.7 m and 2.2 m. From our measurements we obtain a preliminary value for G = 6.6735 × 10 -11 m 3 kg -1 s -2 with an uncertainty of 432 ppm dominated by systematic considerations.}
}


@article{Parks10,
  title = {Simple Pendulum Determination of the Gravitational Constant},
  author = {Parks, Harold V. and Faller, James E.},
  journal = {Phys. Rev. Lett.},
  volume = {105},
  issue = {11},
  pages = {110801},
  numpages = {4},
  year = {2010},
  month = {Sep},
  publisher = {American Physical Society},
  doi = {10.1103/PhysRevLett.105.110801},
  url = {https://link.aps.org/doi/10.1103/PhysRevLett.105.110801}
}



@article{Peters99,
  title={Measurement of gravitational acceleration by dropping atoms},
  author={Peters, Achim and Chung, Keng Yeow and Chu, Steven},
  journal={Nature},
  volume={400},
  number={6747},
  pages={849},
  year={1999},
  url = {https://www.nature.com/articles/23655},
  publisher={Nature Publishing Group}
}


@article{Mcguirk02,
  title = {Sensitive absolute-gravity gradiometry using atom interferometry},
  author = {McGuirk, J. M. and Foster, G. T. and Fixler, J. B. and Snadden, M. J. and Kasevich, M. A.},
  journal = {Phys. Rev. A},
  volume = {65},
  issue = {3},
  pages = {033608},
  numpages = {14},
  year = {2002},
  month = {Feb},
  publisher = {American Physical Society},
  doi = {10.1103/PhysRevA.65.033608},
  url = {https://link.aps.org/doi/10.1103/PhysRevA.65.033608}
}



@article{Dimopoulos07,
  title = {Testing General Relativity with Atom Interferometry},
  author = {Dimopoulos, Savas and Graham, Peter W. and Hogan, Jason M. and Kasevich, Mark A.},
  journal = {Phys. Rev. Lett.},
  volume = {98},
  issue = {11},
  pages = {111102},
  numpages = {4},
  year = {2007},
  month = {Mar},
  publisher = {American Physical Society},
  doi = {10.1103/PhysRevLett.98.111102},
  url = {https://link.aps.org/doi/10.1103/PhysRevLett.98.111102}
}



@article{Lamporesi08,
  title = {{Determination of the Newtonian gravitational constant using atom interferometry}},
  author = {Lamporesi, G. and Bertoldi, A. and Cacciapuoti, L. and Prevedelli, M. and Tino, G. M.},
  journal = {Phys. Rev. Lett.},
  volume = {100},
  issue = {5},
  pages = {050801},
  numpages = {4},
  year = {2008},
  month = {Feb},
  publisher = {American Physical Society},
  doi = {10.1103/PhysRevLett.100.050801},
  url = {https://link.aps.org/doi/10.1103/PhysRevLett.100.050801}
}



@article{Sorrentino10,
  title={Sensitive gravity-gradiometry with atom interferometry: progress towards an improved determination of the gravitational constant},
  author={Sorrentino, F. and Lien, Y. H. and Rosi, G. and Cacciapuoti, L. and Prevedelli, M. and Tino, G. M. },
  journal={New Journal of Physics},
  volume={12},
  number={9},
  pages={095009},
  year={2010},
  url={http://iopscience.iop.org/article/10.1088/1367-2630/12/9/095009/meta},
  publisher={IOP Publishing}
}



@article{Rosi14,
  title={{Precision measurement of the Newtonian gravitational constant using cold atoms}},
  author={Rosi, G. and Sorrentino, F. and Cacciapuoti, L. and Prevedelli, M. and Tino, G. M.},
  journal={Nature},
  volume={510},
  number={7506},
  pages={518},
  year={2014},
  url={https://www.nature.com/articles/nature13433},
  publisher={Nature Publishing Group}
}


@article{Goodkind99,
author = {Goodkind,John M. },
title = {The superconducting gravimeter},
journal = {Review of Scientific Instruments},
volume = {70},
number = {11},
pages = {4131-4152},
year = {1999},
doi = {10.1063/1.1150092},
URL = {https://doi.org/10.1063/1.1150092 }}}




@article{PhysRevA.91.033629,
  title = {Testing gravity with cold-atom interferometers},
  author = {Biedermann, G. W. and Wu, X. and Deslauriers, L. and Roy, S. and Mahadeswaraswamy, C. and Kasevich, M. A.},
  journal = {Phys. Rev. A},
  volume = {91},
  issue = {3},
  pages = {033629},
  numpages = {10},
  year = {2015},
  month = {Mar},
  publisher = {American Physical Society},
  doi = {10.1103/PhysRevA.91.033629},
  url = {https://link.aps.org/doi/10.1103/PhysRevA.91.033629}
}


@article{kasevich2014prospects,
  title={{Prospects for improved accuracy in the determination of G using atom interferometry}},
  author={Kasevich, Mark and Donnelly, Christine and Overstreet, Chris},
  journal={Depts. of Physics, Applied Physics and EE Stanford University},
  year={2014},
  url  ={https://pdfs.semanticscholar.org/presentation/3a8d/94dcb6fcd7c381e2b51787d7e5e39438a6c5.pdf}
}



@article{howell2019,
  title = {Gravitational sensing with weak value based optical sensors},
  author = {Andrew N. Jordan, Philippe Lewalle, Jeff Tollaksen and John C. Howell},
  /journal = {Quantum Stud.: Math. Found.},
  volume = {6},
  pages = {169–180},
  year = {2019},
  doi = {10.1103/PhysRevLett.114.170801},
  url = {https://doi.org/10.1007/s40509-018-0175-9}
}

@article{SS316,
  title = {ASSDA Technical FAQ No 3 “Magnetic effects of stainless steels”},
  author = {Australian Stainless Steel Development Association },
  
  url = {http://www.stealth316.com/misc/stainless_steel/stainless-steel_magnetic-effects.pdf}
}

@article{tungsten,
  title = {AZO MATERIALS; Tungsten Datasheet},
  author = {AZO MATERIALS},
  
  url = {https://www.azom.com/properties.aspx?ArticleID=614}
}

@article{WOODS201444,
title = "Emissivity of silver and stainless steel from 80K to 300K: Application to ITER thermal shields",
journal = "Cryogenics",
volume = "60",
pages = "44 - 48",
year = "2014",
issn = "0011-2275",
doi = "https://doi.org/10.1016/j.cryogenics.2014.01.002",
url = "http://www.sciencedirect.com/science/article/pii/S0011227514000101",
author = "S.I. Woods and T.M. Jung and D.R. Sears and J. Yu",















